@book{mccarthy1965lisp,
  title={LISP 1.5 programmer's manual},
  author={McCarthy, John},
  year={1965},
  publisher={MIT press}
}

@article{lee1998framework,
  title={A framework for comparing models of computation},
  author={Lee, E.A. and Sangiovanni-Vincentelli, A.},
  journal={IEEE Transactions on computer-aided design of integrated circuits and systems},
  volume={17},
  number={12},
  pages={1217--1229},
  year={1998}
}

@article{copeland1999beyond,
  title={Beyond the universal Turing machine},
  author={Copeland, B.J. and Sylvan, R.},
  journal={Australasian Journal of Philosophy},
  volume={77},
  number={1},
  pages={46--66},
  year={1999},
  publisher={Taylor \& Francis}
}

@article{lee1987synchronous,
  title={Synchronous data flow},
  author={Lee, E.A. and Messerschmitt, D.G.},
  journal={Proceedings of the IEEE},
  volume={75},
  number={9},
  pages={1235--1245},
  year={1987},
  publisher={IEEE}
}
@book{blumofe1995cilk,
  title={Cilk: An efficient multithreaded runtime system},
  author={Blumofe, R.D. and Joerg, C.F. and Kuszmaul, B.C. and Leiserson, C.E. and Randall, K.H. and Zhou, Y.},
  volume={30},
  number={8},
  year={1995},
  publisher={ACM}
}

@book{jones2003haskell,
  title={Haskell 98 language and libraries: the revised report},
  author={Jones, S.L.P.},
  year={2003},
  publisher={Cambridge University Press}
}

@article{kooijman2009haskell,
  title={Haskell as a higher order structural hardware description language},
  author={Kooijman, M.},
  year={2009},
  publisher={University of Twente}
}

@mastersthesis{clashchris,
    author    = "Christiaan Baaij",
    title     = "CLasH, from Haskell to Hardware",
    school    = "University of Twente",
    year      = "2009",
}

@inproceedings{jantsch2005models,
  title={Models of computation and languages for embedded system design},
  author={Jantsch, A. and Sander, I.},
  booktitle={Computers and Digital Techniques, IEE Proceedings-},
  volume={152},
  number={2},
  pages={114--129},
  year={2005},
  organization={IET}
}

@inproceedings{bjesse1998lava,
  title={Lava: hardware design in Haskell},
  author={Bjesse, P. and Claessen, K. and Sheeran, M. and Singh, S.},
  booktitle={ACM SIGPLAN Notices},
  volume={34},
  number={1},
  pages={174--184},
  year={1998},
  organization={ACM}
}

@article{claessen2002embedded,
  title={An embedded language framework for hardware compilation},
  author={Claessen, K. and Pace, G.},
  journal={Designing Correct Circuits},
  volume={2},
  year={2002}
}

@article{camposano1989synthesizing,
  title={Synthesizing circuits from behavioural descriptions},
  author={Camposano, R. and Rosenstiel, W.},
  journal={Computer-Aided Design of Integrated Circuits and Systems, IEEE Transactions on},
  volume={8},
  number={2},
  pages={171--180},
  year={1989},
  publisher={IEEE}
}

@article{benveniste1991synchronous,
  title={The synchronous approach to reactive and real-time systems},
  author={Benveniste, A. and Berry, G.},
  journal={Proceedings of the IEEE},
  volume={79},
  number={9},
  pages={1270--1282},
  year={1991},
  publisher={IEEE}
}

@article{cortes1999survey,
  title={A survey on hardware/software codesign representation models},
  author={Cort{\'e}s, L.A. and Eles, P. and Peng, Z.},
  journal={SAVE Project Report, Department of Computer and Information Science, Linkoping University, Sweden},
  year={1999}
}

@article{halbwachs1991synchronous,
  title={The synchronous data flow programming language LUSTRE},
  author={Halbwachs, N. and Caspi, P. and Raymond, P. and Pilaud, D.},
  journal={Proceedings of the IEEE},
  volume={79},
  number={9},
  pages={1305--1320},
  year={1991},
  publisher={IEEE}
}

@book{harel1985development,
  title={On the development of reactive systems},
  author={Harel, D. and Pnueli, A.},
  year={1985},
  publisher={Weizmann Institute of Science, Department of Computer Science}
}

@article{ackerman1982data,
  title={Data flow languages},
  author={Ackerman, W.B.},
  journal={Computer;(United States)},
  volume={2},
  year={1982},
  publisher={MIT, Cambridge, MA}
}

@inproceedings{gerards2011higher,
  title={Higher-Order Abstraction in Hardware Descriptions with ClaSH},
  author={Gerards, M. and Baaij, C. and Kuper, J. and Kooijman, M.},
  booktitle={Digital System Design (DSD), 2011 14th Euromicro Conference on},
  pages={495--502},
  year={2011},
  organization={IEEE}
}

@article{hughes2000generalising,
  title={Generalising monads to arrows},
  author={Hughes, J.},
  journal={Science of computer programming},
  volume={37},
  number={1},
  pages={67--111},
  year={2000},
  publisher={Elsevier}
}

@inproceedings{wan2000functional,
  title={Functional reactive programming from first principles},
  author={Wan, Z. and Hudak, P.},
  booktitle={ACM SIGPLAN Notices},
  volume={35},
  number={5},
  pages={242--252},
  year={2000},
  organization={ACM}
}

@article{hudak2003arrows,
  title={Arrows, robots, and functional reactive programming},
  author={Hudak, P. and Courtney, A. and Nilsson, H. and Peterson, J.},
  journal={Advanced Functional Programming},
  pages={1949--1949},
  year={2003},
  publisher={Springer}
}

@inproceedings{paterson2001new,
  title={A new notation for arrows},
  author={Paterson, R.},
  booktitle={ACM SIGPLAN Notices},
  volume={36},
  number={10},
  pages={229--240},
  year={2001},
  organization={ACM}
}

@book{o2009real,
  title={Real World Haskell},
  author={O'Sullivan, B. and Stewart, D.B. and Goerzen, J.},
  year={2009},
  publisher={O'Reilly Media}
}

@book{lipovaca2011learn,
  title={Learn You a Haskell for Great Good!: A Beginner's Guide},
  author={Lipovaca, M.},
  year={2011},
  publisher={No Starch Press}
}

@article{chang1997heterogeneous,
  title={Heterogeneous simulation—mixing discrete-event models with dataflow},
  author={Chang, W.T. and Ha, S. and Lee, E.A.},
  journal={The Journal of VLSI Signal Processing},
  volume={15},
  number={1},
  pages={127--144},
  year={1997},
  publisher={Springer}
}

@inproceedings{amagbegnon1995implementation,
  title={Implementation of the data-flow synchronous language signal},
  author={Amagb{\'e}gnon, P. and Besnard, L. and Le Guernic, P.},
  booktitle={ACM SIGPLAN Notices},
  volume={30},
  number={6},
  pages={163--173},
  year={1995},
  organization={ACM}
}

@article{halbwachs1991synchronous,
  title={The synchronous data flow programming language LUSTRE},
  author={Halbwachs, N. and Caspi, P. and Raymond, P. and Pilaud, D.},
  journal={Proceedings of the IEEE},
  volume={79},
  number={9},
  pages={1305--1320},
  year={1991},
  publisher={IEEE}
}

@article{halbwachs1993tutorial,
  title={A tutorial of Lustre},
  author={Halbwachs, N. and Raymond, P.},
  journal={available by anonymous ftp from imag. imag. fr as le/ftp/pub/LUSTRE/tutorial. ps},
  year={1993}
}

@article{sander2004system,
  title={System modeling and transformational design refinement in forsyde [formal system design]},
  author={Sander, I. and Jantsch, A.},
  journal={Computer-Aided Design of Integrated Circuits and Systems, IEEE Transactions on},
  volume={23},
  number={1},
  pages={17--32},
  year={2004},
  publisher={IEEE}
}

@article{acosta2007hardware,
  title={Hardware synthesis in ForSyDe},
  author={Acosta, Alfonso},
  journal={Sweden: KTH/ICT/ETS},
  year={2007}
}

@article{claessen1999observable,
  title={Observable sharing for functional circuit description},
  author={Claessen, K. and Sands, D.},
  journal={Advances in Computing Science—ASIAN’99},
  pages={78--78},
  year={1999},
  publisher={Springer}
}

@article{claessen2002embedded,
  title={An embedded language framework for hardware compilation},
  author={Claessen, K. and Pace, G.},
  journal={Designing Correct Circuits},
  volume={2},
  year={2002}
}

@inproceedings{bjesse1998lava,
  title={Lava: hardware design in Haskell},
  author={Bjesse, P. and Claessen, K. and Sheeran, M. and Singh, S.},
  booktitle={ACM SIGPLAN Notices},
  volume={34},
  number={1},
  pages={174--184},
  year={1998},
  organization={ACM}
}

@inproceedings{sheard2002template,
  title={Template meta-programming for Haskell},
  author={Sheard, T. and Jones, S.P.},
  booktitle={Proceedings of the 2002 ACM SIGPLAN workshop on Haskell},
  pages={1--16},
  year={2002},
  organization={ACM}
}

@book{barendregt1985lambda,
  title={The lambda calculus: Its syntax and semantics},
  author={Barendregt, Hendrik Pieter},
  volume={103},
  year={1985},
  publisher={North Holland}
}

@book{pierce2002types,
  title={Types and programming languages},
  author={Pierce, Benjamin C},
  year={2002},
  publisher={The MIT Press}
}

@article{berry1992esterel,
  title={The Esterel synchronous programming language: Design, semantics, implementation},
  author={Berry, G{\'e}rard and Gonthier, Georges},
  journal={Science of computer programming},
  volume={19},
  number={2},
  pages={87--152},
  year={1992},
  publisher={Elsevier}
}

@article{milner1978theory,
  title={A theory of type polymorphism in programming},
  author={Milner, Robin},
  journal={Journal of computer and system sciences},
  volume={17},
  number={3},
  pages={348--375},
  year={1978},
  publisher={Elsevier}
}

@article{mcbride2002faking,
  title={Faking it Simulating dependent types in Haskell},
  author={McBride, Conor},
  journal={Journal of functional programming},
  volume={12},
  number={4-5},
  pages={375--392},
  year={2002},
  publisher={Cambridge Univ Press}
}

@inproceedings{brady2011idris,
  title={IDRIS---: systems programming meets full dependent types},
  author={Brady, Edwin C},
  booktitle={Proceedings of the 5th ACM workshop on Programming languages meets program verification},
  pages={43--54},
  year={2011},
  organization={ACM}
}

@inproceedings{elliott2009push,
  title={Push-pull functional reactive programming},
  author={Elliott, Conal M},
  booktitle={Proceedings of the 2nd ACM SIGPLAN symposium on Haskell},
  pages={25--36},
  year={2009},
  organization={ACM}
}

@InProceedings{ElliottHudak97:Fran,
  title        = {Functional Reactive Animation},
  url          = {http://conal.net/papers/icfp97/},
  author       = "Conal Elliott and Paul Hudak",
  booktitle    = "International Conference on Functional Programming",
  year         = 1997
}

@article{rocheteau1994pollux,
  title={POLLUX: a LUSTRE based hardware design environment},
  author={Rocheteau, Frederic and Grenoble, Imag-lgi and Halbwachs, Nicolas},
  year={1994},
  publisher={Citeseer}
}

@misc{acosta2008forsyde,
  title={ForSyDe tutorial},
  author={Acosta, Alfonso},
  year={2008},
  publisher={Stockholm, Sweden: School of ict, kth, Sept.,. url: http://www. ict. kth. se/forsyde/files/tutorial/tutorial. html (visited on//)}
}

@article{kernighan2009c,
  title={C Programming},
  author={Kernighan, Brian W and Ritchie, Dennis and Lippman, Stanley B and Lajoie, Josee},
  journal={Language},
  year={2009}
}

@book{navabi1997vhdl,
  title={VHDL: Analysis and modeling of digital systems},
  author={Navabi, Zainalabedin},
  year={1997},
  publisher={McGraw-Hill, Inc.}
}

@book{thomas2002verilog,
  title={The Verilog{\textregistered} Hardware Description Language},
  author={Thomas, Donald E and Moorby, Philip R},
  volume={2},
  year={2002},
  publisher={Springer}
}

@book{eisner2006practical,
  title={A Practical Introduction to PSL (Series on Integrated Circuits and Systems)},
  author={Eisner, Cindy and Fisman, Dana},
  year={2006},
  publisher={Springer-Verlag New York, Inc., Secaucus, NJ}
}

@inproceedings{leiserson1981optimizing,
  title={Optimizing synchronous systems},
  author={Leiserson, Charles E and Saxe, James B},
  booktitle={Foundations of Computer Science, 1981. SFCS'81. 22nd Annual Symposium on},
  pages={23--36},
  year={1981},
  organization={IEEE}
}

@misc{sbv,
  title = {{Data.SBV} Library Description},
  howpublished = {\url{http://hackage.haskell.org/packages/archive/sbv/0.9.7/doc/html/Data-SBV.html}},
  note = {Accessed: 2013-06-16}
}

@incollection{de2008z3,
  title={Z3: An efficient SMT solver},
  author={De Moura, Leonardo and Bj{\o}rner, Nikolaj},
  booktitle={Tools and Algorithms for the Construction and Analysis of Systems},
  pages={337--340},
  year={2008},
  publisher={Springer}
}

@article{dutertre2006yices,
  title={The yices smt solver},
  author={Dutertre, Bruno and De Moura, Leonardo},
  journal={Tool paper at http://yices. csl. sri. com/tool-paper. pdf},
  volume={2},
  pages={2},
  year={2006}
}

@book{kleene2002mathematical,
  title={Mathematical logic},
  author={Kleene, Stephen Cole},
  year={2002},
  publisher={Courier Dover Publications}
}

@book{baader1992unification,
  title={Unification theory},
  author={Baader, Franz},
  year={1992},
  publisher={Springer}
}

@misc{girard1971extension,
  title={Une Extension de l’Interpretation de G{\"o}del {\`a} l’Analyse, et son Application {\`a} l’Elimination des Coupures dans l’Analyse et la Th{\'e}orie des Types, 1971},
  author={Girard, Jean-Yves},
  year={1971},
  publisher={Fenstad}
}

@inproceedings{wells1994typability,
  title={Typability and type checking in the second-order $\lambda$-calculus are equivalent and undecidable},
  author={Wells, Joe B},
  booktitle={Logic in Computer Science, 1994. LICS'94. Proceedings., Symposium on},
  pages={176--185},
  year={1994},
  organization={IEEE}
}

@article{gentzen1935untersuchungen,
  title={Untersuchungen {\"u}ber das logische Schlie{\ss}en. I},
  author={Gentzen, Gerhard},
  journal={Mathematische zeitschrift},
  volume={39},
  number={1},
  pages={176--210},
  year={1935},
  publisher={Springer}
}

@article{wand1987simple,
  title={A simple algorithm and proof for type inference},
  author={Wand, Mitchell},
  journal={Fundamenta Informaticae},
  volume={10},
  number={2},
  pages={115--121},
  year={1987}
}

@inproceedings{damas1982principal,
  title={Principal type-schemes for functional programs},
  author={Damas, Luis and Milner, Robin},
  booktitle={Proceedings of the 9th ACM SIGPLAN-SIGACT symposium on Principles of programming languages},
  pages={207--212},
  year={1982},
  organization={ACM}
}

@article{odersky1999type,
  title={Type inference with constrained types},
  author={Odersky, Martin and Sulzmann, Martin and Wehr, Martin},
  journal={TAPOS},
  volume={5},
  number={1},
  pages={35--55},
  year={1999},
  publisher={Citeseer}
}

@book{pierce2005advanced,
  title={Advanced topics in types and programming languages},
  author={Pierce, Benjamin C},
  year={2005},
  publisher={The MIT Press}
}

@article{hindley1969principal,
  title={The principal type-scheme of an object in combinatory logic},
  author={Hindley, Roger},
  journal={Transactions of the american mathematical society},
  volume={146},
  pages={29--60},
  year={1969},
  publisher={JSTOR}
}

@article{robinson1965machine,
  title={A machine-oriented logic based on the resolution principle},
  author={Robinson, John Alan},
  journal={Journal of the ACM (JACM)},
  volume={12},
  number={1},
  pages={23--41},
  year={1965},
  publisher={ACM}
}

@incollection{mcallester1996walther,
  title={Walther recursion},
  author={McAllester, David and Arkoudas, Kostas},
  booktitle={Automated Deduction—Cade-13},
  pages={643--657},
  year={1996},
  publisher={Springer}
}

@book{brainerd1974theory,
  title={Theory of computation},
  author={Brainerd, Walter S and Landweber, Lawrence H},
  year={1974},
  publisher={John Wiley \& Sons, Inc.}
}

@article{rondon2008liquid,
  title={Liquid types},
  author={Rondon, Patrick M and Kawaguci, Ming and Jhala, Ranjit},
  journal={ACM SIGPLAN Notices},
  volume={43},
  number={6},
  pages={159--169},
  year={2008},
  publisher={ACM}
}

@misc{liquidhaskell,
  title = {LiquidHaskell web page},
  howpublished = {\url{http://goto.ucsd.edu/~rjhala/liquid/haskell/blog/about/}},
  note = {Accessed: 2013-08-11}
}

@book{freeman1991refinement,
  title={Refinement types for ML},
  author={Freeman, Tim and Pfenning, Frank},
  volume={26},
  number={6},
  year={1991},
  publisher={ACM}
}


